@inproceedings{anand2010techniques,
  title={Techniques for efficiently querying scientific workflow provenance graphs.},
  author={Anand, Manish Kumar and Bowers, Shawn and Lud{\"a}scher, Bertram},
  booktitle={EDBT},
  volume={10},
  pages={287--298},
  year={2010}
}

@article{cohen2011search,
  title={Search, adapt, and reuse: the future of scientific workflows},
  author={Cohen-Boulakia, Sarah and Leser, Ulf},
  journal={ACM SIGMOD Record},
  volume={40},
  number={2},
  pages={6--16},
  year={2011},
  publisher={ACM}
}

@book{none2002mysql,
    edition = {1},
    howpublished = {Paperback},
    isbn = {0596002653},
    keywords = {1st-yr-report},
    posted-at = {2008-09-03 11:31:34},
    priority = {2},
    publisher = {O'Reilly Media, Inc.},
    title = {{MySQL} Reference Manual},
    year = {2002}
}

@article{thusoo2009hive,
  title={Hive: a warehousing solution over a map-reduce framework},
  author={Thusoo, Ashish and Sarma, Joydeep Sen and Jain, Namit and Shao, Zheng and Chakka, Prasad and Anthony, Suresh and Liu, Hao and Wyckoff, Pete and Murthy, Raghotham},
  journal={Proceedings of the VLDB Endowment},
  volume={2},
  number={2},
  pages={1626--1629},
  year={2009},
  publisher={VLDB Endowment}
}

@article{angles2008survey,
  title={Survey of graph database models},
  author={Angles, Renzo and Gutierrez, Claudio},
  journal={ACM Computing Surveys (CSUR)},
  volume={40},
  number={1},
  pages={1},
  year={2008},
  publisher={ACM}
}

@article{winn2013open,
  title={Open data and the academy: An evaluation of CKAN for research data management},
  author={Winn, Joss and others},
  year={2013}
}

@inproceedings{islam2012oozie,
  title={Oozie: towards a scalable workflow management system for hadoop},
  author={Islam, Mohammad and Huang, Angelo K and Battisha, Mohamed and Chiang, Michelle and Srinivasan, Santhosh and Peters, Craig and Neumann, Andreas and Abdelnur, Alejandro},
  booktitle={Proceedings of the 1st ACM SIGMOD Workshop on Scalable Workflow Execution Engines and Technologies},
  pages={4},
  year={2012},
  organization={ACM}
}

@inproceedings{callahan2006vistrails,
  title={VisTrails: visualization meets data management},
  author={Callahan, Steven P and Freire, Juliana and Santos, Emanuele and Scheidegger, Carlos E and Silva, Cl{\'a}udio T and Vo, Huy T},
  booktitle={Proceedings of the 2006 ACM SIGMOD international conference on Management of data},
  pages={745--747},
  year={2006},
  organization={ACM}
}


@misc{HUE,
  title = {Hue: Analysing data with Hadoop},
  howpublished = {\url{http://gethue.com/}},
  note = {Accessed: 2015-03-09}
}

@misc{Azkaban,
  title = {Azkaban: Open-source Workflow Manager},
  howpublished = {\url{http://azkaban.github.io}},
  note = {Accessed: 2015-03-09}
}

@misc{Amazon,
  title = {Amazon's Public Data Set repository},
  howpublished = {\url{http://aws.amazon.com/datasets}},
  note = {Accessed: 2015-03-09}
}


@inproceedings{dede2013evaluation,
  title={An Evaluation of Cassandra for Hadoop},
  author={Dede, Elif and Sendir, Bedri and Kuzlu, Pinar and Hartog, Jessica and Govindaraju, Madhusudhan},
  booktitle={Cloud Computing (CLOUD), 2013 IEEE Sixth International Conference on},
  pages={494--501},
  year={2013},
  organization={IEEE}
}

@article{comer1979ubiquitous,
  title={Ubiquitous B-tree},
  author={Comer, Douglas},
  journal={ACM Computing Surveys (CSUR)},
  volume={11},
  number={2},
  pages={121--137},
  year={1979},
  publisher={ACM}
}